<record xmlns="http://www.loc.gov/MARC21/slim" xmlns:xsi="http://www.w3.org/2001/XMLSchema-instance" xsi:schemaLocation="http://www.loc.gov/MARC21/slim http://www.loc.gov/standards/marcxml/schema/MARC21slim.xsd"><leader>01589nam a2200301   4500</leader><controlfield tag="001">3073893</controlfield><controlfield tag="003">NNC</controlfield><controlfield tag="006">m        d        </controlfield><controlfield tag="007">cr cn |||m|||a</controlfield><controlfield tag="008">150110s1947    le      o     000 0 ara d</controlfield><datafield ind1=" " ind2=" " tag="040"><subfield code="a">NNU</subfield><subfield code="b">eng</subfield><subfield code="c">NNU</subfield></datafield><datafield ind1="1" ind2=" " tag="100"><subfield code="6">880-01</subfield><subfield code="a">Nah&#803;h&#803;a&#772;s, Jabra&#772;n Yu&#772;suf.</subfield></datafield><datafield ind1="1" ind2="0" tag="245"><subfield code="6">880-02</subfield><subfield code="a">S&#803;i&#772;ghat 'fu&#699;a&#772;l' laysat jam&#699;an</subfield><subfield code="h">[electronic resource] :</subfield><subfield code="b">ikhtila&#772;f al-aqwa&#772;l fi&#772;ha&#772; wa&#700;an bayna ma&#699;a&#772;ni&#772;ha&#772; nasaban alzamaha&#772; bina&#772;&#700;an wa&#772;h&#803;idan.</subfield></datafield><datafield ind1=" " ind2=" " tag="260"><subfield code="6">880-03</subfield><subfield code="a">[S&#803;ayda&#772;]</subfield><subfield code="b">al-Risa&#772;lah al-Mukhallis&#803;i&#772;yah,</subfield><subfield code="c">1947.</subfield></datafield><datafield ind1=" " ind2=" " tag="300"><subfield code="a">online resource (21 p.)</subfield></datafield><datafield ind1=" " ind2=" " tag="500"><subfield code="a">Part of the Arabic Collections Online (ACO) project, contributed by Columbia University Libraries.</subfield></datafield><datafield ind1=" " ind2=" " tag="533"><subfield code="a">Electronic reproduction.</subfield><subfield code="b">New York, N.Y. :</subfield><subfield code="c">New York University,</subfield><subfield code="d">2015.</subfield><subfield code="5">NNU</subfield></datafield><datafield ind1=" " ind2="0" tag="650"><subfield code="a">Arabic language</subfield><subfield code="x">Grammar.</subfield></datafield><datafield ind1=" " ind2="7" tag="650"><subfield code="a">Arabic language</subfield><subfield code="x">Grammar.</subfield><subfield code="2">fast</subfield><subfield code="0">(OCoLC)fst00812341</subfield></datafield><datafield ind1="2" ind2=" " tag="710"><subfield code="a">Columbia University.</subfield><subfield code="b">Libraries.</subfield></datafield><datafield ind1="0" ind2=" " tag="730"><subfield code="a">Arabic Collections Online.</subfield></datafield><datafield ind1="0" ind2="8" tag="776"><subfield code="i">Print version:</subfield><subfield code="a">Nah&#803;h&#803;a&#772;s, Jabra&#772;n Yu&#772;suf.</subfield><subfield code="t">S&#803;i&#772;ghat 'fu&#699;a&#772;l' laysat jam&#699;an</subfield><subfield code="w">(NNC)3073893</subfield><subfield code="w">(OCoLC)47850768</subfield></datafield><datafield ind1="4" ind2="0" tag="856"><subfield code="u">http://hdl.handle.net/2333.1/d2547g4p</subfield></datafield><datafield ind1="1" ind2=" " tag="880"><subfield code="6">100-01/r</subfield><subfield code="a">&#1606;&#1581;&#1575;&#1587;&#1548; &#1580;&#1576;&#1585;&#1575;&#1606; &#1610;&#1608;&#1587;&#1601;.</subfield></datafield><datafield ind1="1" ind2="0" tag="880"><subfield code="6">245-02/r</subfield><subfield code="a">&#1589;&#1610;&#1594;&#1577; '&#1601;&#1593;&#1575;&#1604;' &#1604;&#1610;&#1587;&#1578; &#1580;&#1605;&#1593;&#1575;&#1611; :</subfield><subfield code="b">&#1575;&#1582;&#1578;&#1604;&#1575;&#1601; &#1575;&#1604;&#1575;&#1602;&#1608;&#1575;&#1604; &#1601;&#1610;&#1607;&#1575; &#1608;&#1571;&#1606; &#1576;&#1610;&#1606; &#1605;&#1593;&#1575;&#1606;&#1610;&#1607;&#1575; &#1606;&#1587;&#1576;&#1575;&#1611; &#1575;&#1604;&#1586;&#1605;&#1607;&#1575; &#1576;&#1606;&#1575;&#1569;&#1611; &#1608;&#1575;&#1581;&#1583;&#1575;&#1611;.</subfield></datafield><datafield ind1=" " ind2=" " tag="880"><subfield code="6">260-03/r</subfield><subfield code="a">[&#1589;&#1610;&#1583;&#1575;]</subfield><subfield code="b">&#1575;&#1604;&#1585;&#1587;&#1575;&#1604;&#1577; &#1575;&#1604;&#1605;&#1582;&#1604;&#1589;&#1610;&#1577;&#1548;</subfield><subfield code="c">1947.</subfield></datafield><datafield ind1=" " ind2=" " tag="959"><subfield code="a">NNU</subfield><subfield code="b">WEB</subfield><subfield code="c">GENI</subfield><subfield code="t">0</subfield><subfield code="m">Electronic access</subfield><subfield code="s">01</subfield></datafield><datafield ind1=" " ind2=" " tag="999"><subfield code="i">NNC_3073893</subfield><subfield code="o">(OCoLC)47850768</subfield></datafield></record>